@inproceedings{gamblin:sc15,
    Address = {Austin, Texas},
    Author = {Todd Gamblin and Matthew P. LeGendre and Michael R. Collette and Gregory L. Lee and Adam Moody and Bronis R. de Supinski and W. Scott Futral},
    Booktitle = {Supercomputing 2015 (SC'15)},
    Month = {November 15-20},
    Title = {{The Spack Package Manager: Bringing order to HPC software chaos}},
    Url = {http://tgamblin.github.io/pubs/spack-sc15.pdf},
    Year = {2015},
}

